<?xml version="1.0" encoding="UTF-8"?><record xmlns="http://www.loc.gov/MARC21/slim" xmlns:cinclude="http://apache.org/cocoon/include/1.0" xmlns:zs="http://www.loc.gov/zing/srw/">
  <leader>00601nz  a2200145n  4500</leader>
  <controlfield tag="001">ns2011002003</controlfield>
  <controlfield tag="003">DLC</controlfield>
  <controlfield tag="005">20111117075403.0</controlfield>
  <controlfield tag="008">111115n| acannaabn          |a aaa     c</controlfield>
  <datafield tag="010" ind1=" " ind2=" ">
    <subfield code="a">ns2011002003</subfield>
  </datafield>
  <datafield tag="035" ind1=" " ind2=" ">
    <subfield code="a">(CaEvSKY)skya9751936</subfield>
  </datafield>
  <datafield tag="040" ind1=" " ind2=" ">
    <subfield code="a">MX-SlUA</subfield>
    <subfield code="b">eng</subfield>
    <subfield code="c">MX-SlUA</subfield>
  </datafield>
  <datafield tag="100" ind1="1" ind2=" ">
    <subfield code="a">Torrez González, Pedro</subfield>
  </datafield>
  <datafield tag="400" ind1="1" ind2=" ">
    <subfield code="a">González, Pedro Torrez</subfield>
  </datafield>
  <datafield tag="670" ind1=" " ind2=" ">
    <subfield code="a">Factores de riesgo asociados a mortalidad de pacientes con VIH/SIDA en epoca de terapia antirretroviral altamente activa disponible, 2009:</subfield>
    <subfield code="b">t.p. (Pedro Torrez González; Universidad Autónoma de San Luis Potosí; Especialidad en Medicina Interna)</subfield>
  </datafield>
</record>